@Article{FernuniSkript,
  author   = {H-G. Unger, J. H. Hinken},
  title    = {Theoretische Elektrotechnik: Elektromagnetische Wellen auf Leitungen},
  subtitle = {Differentialgleichungen der Leitung und Lösung im eingeschwungenen Zustand},
}

@Misc{LeitungenUndFilter,
  author       = {Werner Bächtold},
  title        = {Leitungen und Filter},
  howpublished = {Online verfügbar unter \url{https://people.ee.ethz.ch/~martidi/L+F_Skript_10.pdf}},
  note         = {Skript, abgerufen am 21.4.2025},
}

@Comment{jabref-meta: databaseType:biblatex;}
